%YAML 1.1
%TAG !u! tag:unity3d.com,2011:
--- !u!1 &3936453841587165974
GameObject:
  m_ObjectHideFlags: 0
  m_CorrespondingSourceObject: {fileID: 0}
  m_PrefabInstance: {fileID: 0}
  m_PrefabAsset: {fileID: 0}
  serializedVersion: 6
  m_Component:
  - component: {fileID: 3936453841587165972}
  - component: {fileID: 3936453841587165968}
  m_Layer: 6
  m_Name: ConversationEventInfo
  m_TagString: Untagged
  m_Icon: {fileID: 0}
  m_NavMeshLayer: 0
  m_StaticEditorFlags: 0
  m_IsActive: 1
--- !u!4 &3936453841587165972
Transform:
  m_ObjectHideFlags: 0
  m_CorrespondingSourceObject: {fileID: 0}
  m_PrefabInstance: {fileID: 0}
  m_PrefabAsset: {fileID: 0}
  m_GameObject: {fileID: 3936453841587165974}
  m_LocalRotation: {x: -0, y: -0, z: -0, w: 1}
  m_LocalPosition: {x: 8.586788, y: 11.765054, z: -0.030076385}
  m_LocalScale: {x: 1, y: 1, z: 1}
  m_ConstrainProportionsScale: 0
  m_Children: []
  m_Father: {fileID: 3936453842183017607}
  m_RootOrder: 0
  m_LocalEulerAnglesHint: {x: 0, y: 0, z: 0}
--- !u!114 &3936453841587165968
MonoBehaviour:
  m_ObjectHideFlags: 0
  m_CorrespondingSourceObject: {fileID: 0}
  m_PrefabInstance: {fileID: 0}
  m_PrefabAsset: {fileID: 0}
  m_GameObject: {fileID: 3936453841587165974}
  m_Enabled: 1
  m_EditorHideFlags: 0
  m_Script: {fileID: 11500000, guid: 00abedce3cdbbba46bf2d86c9518c9f0, type: 3}
  m_Name: 
  m_EditorClassIdentifier: 
  Event:
    m_PersistentCalls:
      m_Calls: []
  NodeID: 0
  TMPFont: {fileID: 0}
  Icon: {fileID: 21300000, guid: 6ca073f36ff6d78459d738ee8f5f2437, type: 3}
  Audio: {fileID: 0}
--- !u!1 &3936453842183017625
GameObject:
  m_ObjectHideFlags: 0
  m_CorrespondingSourceObject: {fileID: 0}
  m_PrefabInstance: {fileID: 0}
  m_PrefabAsset: {fileID: 0}
  serializedVersion: 6
  m_Component:
  - component: {fileID: 3936453842183017607}
  - component: {fileID: 3936453842183017624}
  m_Layer: 6
  m_Name: SkulConversation
  m_TagString: Untagged
  m_Icon: {fileID: 0}
  m_NavMeshLayer: 0
  m_StaticEditorFlags: 0
  m_IsActive: 1
--- !u!4 &3936453842183017607
Transform:
  m_ObjectHideFlags: 0
  m_CorrespondingSourceObject: {fileID: 0}
  m_PrefabInstance: {fileID: 0}
  m_PrefabAsset: {fileID: 0}
  m_GameObject: {fileID: 3936453842183017625}
  m_LocalRotation: {x: -0, y: -0, z: -0, w: 1}
  m_LocalPosition: {x: -2.3867884, y: -11.345054, z: -0.07744883}
  m_LocalScale: {x: 1, y: 1, z: 1}
  m_ConstrainProportionsScale: 0
  m_Children:
  - {fileID: 3936453841587165972}
  m_Father: {fileID: 0}
  m_RootOrder: 0
  m_LocalEulerAnglesHint: {x: 0, y: 0, z: 0}
--- !u!114 &3936453842183017624
MonoBehaviour:
  m_ObjectHideFlags: 0
  m_CorrespondingSourceObject: {fileID: 0}
  m_PrefabInstance: {fileID: 0}
  m_PrefabAsset: {fileID: 0}
  m_GameObject: {fileID: 3936453842183017625}
  m_Enabled: 1
  m_EditorHideFlags: 0
  m_Script: {fileID: 11500000, guid: 83189876d4d389f43b7dd2e925aa112e, type: 3}
  m_Name: 
  m_EditorClassIdentifier: 
  CurrentIDCounter: 6
  json: '{"Options":[],"Parameters":[],"SpeechNodes":[{"Connections":[],"EditorInfo":{"isRoot":true,"xPos":218.75,"yPos":22},"ID":0,"ParamActions":[],"TMPFontGUID":null,"Text":"Don''t
    you click on me! Go and do some job!","parentUIDs":[],"AdvanceDialogueAutomatically":false,"AudioGUID":null,"AutoAdvanceShouldDisplayOption":false,"IconGUID":null,"Name":"Skul","OptionUIDs":null,"SpeechUID":0,"TimeUntilAdvance":0,"Volume":0}]}'
  saveVersion: 110
  DefaultName: 
  DefaultSprite: {fileID: 0}
  DefaultFont: {fileID: 0}
  NodeSerializedDataList:
  - {fileID: 3936453841587165968}
  ContinueFont: {fileID: 0}
  EndConversationFont: {fileID: 0}
  Event:
    m_PersistentCalls:
      m_Calls: []
